@book{AST-2016,
  author = {{Siva Athreya, Deepayan Sarkar, and Steve Tanner}},
  title  = {Probability and Statistics with Examples using R},
  year   = {2016},
  note   = {Unfinished Book, Last Compilation April 25th 2016, available 
            at \url{http://www.isibang.ac.in/~athreya/psweur/index.html}}
}
@article{avena2016random,
  title   = {Random Walks},
  author  = {Avena, Luca and Heydenreich, Markus and den Hollander, Frank and Verbitskiy, Evgeny and van Zuijlen, Willem},
  journal = {Lecture Notes from the Mathematical Institute of Leiden University in The Netherlands},
  year    = {2016}
}
@book{barlow2017random,
  title     = {Random walks and heat kernels on graphs},
  author    = {Barlow, Martin T},
  volume    = {438},
  year      = {2017},
  publisher = {Cambridge University Press}
}
@incollection{drewitz2011survival,
  title     = {Survival probability of a random walk among a Poisson system of moving traps},
  author    = {Drewitz, Alexander and G{\"a}rtner, J{\"u}rgen and Ram{\'\i}rez, Alejandro F and Sun, Rongfeng},
  booktitle = {Probability in Complex Physical Systems: In Honour of Erwin Bolthausen and J{\"u}rgen G{\"a}rtner},
  pages     = {119--158},
  year      = {2011},
  publisher = {Springer}
}
